<?xml version="1.0" encoding="UTF-8"?><collection xmlns="http://www.loc.gov/MARC21/slim"><record><leader>00421nam--2200145-i-4500</leader><controlfield tag="001">000013009</controlfield><controlfield tag="002">20161230</controlfield><controlfield tag="005">20170304151241</controlfield><controlfield tag="008">060222s1000------------r-----000-0-eng-d</controlfield><datafield ind1=" " ind2=" " tag="245"><subfield code="a">Display informatic 1977</subfield></datafield><datafield ind1=" " ind2=" " tag="260"><subfield code="a">Cluj-Napoca</subfield><subfield code="b">Consiliul Judetean Al Sindicatelor</subfield><subfield code="c">1977</subfield></datafield><datafield ind1=" " ind2=" " tag="300"><subfield code="a">269 p</subfield></datafield><datafield ind1=" " ind2=" " tag="490"><subfield code="a">Conducere, Informatica, Decizie, Creativitate, 1977</subfield></datafield><datafield ind1=" " ind2=" " tag="852"><subfield code="a">65.011.56:681.324</subfield></datafield><datafield ind1=" " ind2=" " tag="CAT"><subfield code="a">SYS</subfield><subfield code="c">20170304</subfield><subfield code="h">151241</subfield></datafield></record></collection>